@IEEEtranBSTCTL{IEEEexample:BSTcontrol,
	CTLdash_repeated_names= "no",
}

@incollection{enron,
year={2004},
isbn={978-3-540-23105-9},
booktitle={Machine Learning: ECML 2004},
volume={3201},
series={Lecture Notes in Computer Science},
doi={10.1007/978-3-540-30115-8_22},
title={The Enron Corpus: A New Dataset for Email Classification Research},
publisher={Springer Berlin Heidelberg},
author={Klimt, Bryan and Yang, Yiming},
pages={217-226},
language={English}
}

@article{euses,
 author = {Fisher, Marc and Rothermel, Gregg},
 title = {The EUSES Spreadsheet Corpus: A Shared Resource for Supporting Experimentation with Spreadsheet Dependability Mechanisms},
 journal = {SIGSOFT Softw. Eng. Notes},
 issue_date = {July 2005},
 volume = {30},
 number = {4},
 month = may,
 year = {2005},
 issn = {0163-5948},
 pages = {1--5},
 numpages = {5},
 doi = {10.1145/1082983.1083242},
 acmid = {1083242},
 publisher = {ACM},
 address = {New York, NY, USA},
 keywords = {end-user programming, end-user software engineering},
} 

@misc{ExcelTuringComplete,
	author = {F.J.J. Hermans},
	title = {Excel Turing Machine},
	url = {http://www.felienne.com/archives/2974},
	howpuslished = {\url{http://www.felienne.com/archives/2974}}
}

@article{EnronVSEuses,
  author    = {Bas Jansen},
  title     = {Enron versus {EUSES:} {A} Comparison of Two Spreadsheet Corpora},
  journal   = {CoRR},
  volume    = {abs/1503.04055},
  year      = {2015},
  url       = {http://arxiv.org/abs/1503.04055},
  timestamp = {Thu, 09 Apr 2015 11:33:20 +0200},
  biburl    = {http://dblp.uni-trier.de/rec/bib/journals/corr/Jansen15},
  bibsource = {dblp computer science bibliography, http://dblp.org}
}

@misc{ExcelFunctionReference,
	author = {Microsoft},
	title = {Excel functions (Alphabetical)},
	url = {https://support.office.com/en-in/article/Excel-functions-alphabetical-b3944572-255d-4efb-bb96-c6d90033e188},
}

@misc{ExcelOfficialGrammar,
	author={Microsoft},
	title={Excel (.xlsx) Extensions to the Office Open XML SpreadsheetML File Format},
	url={https://msdn.microsoft.com/en-us/library/dd922181(v=office.12).aspx}
	
}

@inproceedings{badame2012refactoring,
  title={Refactoring meets spreadsheet formulas},
  author={Badame, Sandro and Dig, Danny},
  booktitle={Software Maintenance (ICSM), 2012 28th IEEE International Conference on},
  pages={399--409},
  year={2012},
  organization={IEEE}
}

@inproceedings{hermans2014bumblebee,
  title={BumbleBee: A refactoring environment for spreadsheet formulas},
  author={Hermans, Felienne and Dig, Danny},
  booktitle={Proceedings of the 22nd ACM SIGSOFT International Symposium on Foundations of Software Engineering, ser. FSE},
  pages={747--750},
  year={2014}
}

@inproceedings{DBLP:conf/icse/BradleyM09,
  author    = {Leslie Bradley and
               Kevin McDaid},
  title     = {Using Bayesian statistical methods to determine the level
               of error in large spreadsheets},
  booktitle = {Proc. of ICSE '09, Companion Volume},
  year      = {2009},
  pages     = {351-354},
  bibsource = {DBLP, http://dblp.uni-trier.de}
}

@inproceedings{Shio1999,
  author    = {K. Shiozawa and
               K. Okada and
               Y. Matsushita},
  title     = {3D Interactive Visualization for Inter-Cell Dependencies
               of Spreadsheets},
  booktitle = {Proceedings of The IEEE Information Visualization Conference (INFOVIS)},
  year      = {1999},
  pages     = {79-83},
  ee        = {http://computer.org/proceedings/infovis/0431/04310079abs.htm},
publisher = {IEEE}
}

@inproceedings{DBLP:conf/icse/HermansPD12,
  author    = {Felienne Hermans and
               Martin Pinzger and
               Arie van Deursen},
  title     = {Detecting and visualizing inter-worksheet smells in spreadsheets},
  booktitle = {Proc. of ICSE '12},
  year      = {2012},
  pages     = {441-451},
  ee        = {http://dx.doi.org/10.1109/ICSE.2012.6227171},
  bibsource = {DBLP, http://dblp.uni-trier.de}
}

@inproceedings{DBLP:conf/icsm/Hermans212,
  author    = {Felienne Hermans and
               Martin Pinzger and
               Arie van Deursen},
  title     = {Detecting Code Smells in Spreadsheet Formulas},
  booktitle = {Proc. of ICSM '12},
  year      = {2012},

}

@inproceedings{iccsa12,
	Author = {J{\'a}come Cunha and Jo{\~a}o Paulo Fernandes and Jorge Mendes and Hugo Pacheco, Jo{\~a}o Saraiva},
	Booktitle = {The 12th International Conference on Computational Science and Its Applications},
	Pages = {202--216},
	Publisher = {LNCS},
	Series = {ICCSA'12},
	Title = {{Towards a Catalog of Spreadsheet Smells}},
	Volume = {7336},
	Year = {2012}}
	
	@inproceedings{conf/icsme/CunhaFMPS14,
	Author = {Abreu, Rui and Cunha, J\'{a}come and Fernandes, Jo\~{a}o Paulo and Martins, Pedro and Perez, Alexandre and Saraiva, Jo\~{a}o},
	Booktitle = {Proceedings of the 30th IEEE International Conference on Software Maintenance and Evolution},
	Keywords = {Spreadsheets, Smells, Faults},
	Publisher = {IEEE Computer Society},
	Pages = {111--120},
	Title = {Smelling Faults in Spreadsheets},
	Year = {2014}}

@inproceedings{DBLP:conf/icse/HermansPD11,
  author    = {Felienne Hermans and
               Martin Pinzger and
               Arie van Deursen},
  title     = {Supporting professional spreadsheet users by generating
               leveled dataflow diagrams},
  booktitle = {Proc. of ICSE '11},
  year      = {2011},
  pages     = {451-460},
  bibsource = {DBLP, http://dblp.uni-trier.de}
}

@inproceedings{DBLP:conf/vl/ScaffidiSM05,
  author    = {Christopher Scaffidi and
               Mary Shaw and
               Brad A. Myers},
  title     = {Estimating the Numbers of End Users and End User Programmers},
  booktitle = {Proc. of VL/HCC '05},
  year      = {2005},
  pages     = {207-214},
  bibsource = {DBLP, http://dblp.uni-trier.de}
}

@article{DBLP:journals/sigplan/BellP93,
  author    = {Douglas Bell and
               Mike Parr},
  title     = {Spreadsheets: A Research Agenda},
  journal   = {SIGPLAN Notices},
  volume    = {28},
  number    = {9},
  year      = {1993},
  pages     = {26-28},
  ee        = {http://doi.acm.org/10.1145/165364.165373},
  bibsource = {DBLP, http://dblp.uni-trier.de}
}

@article{Wins2001,
title = "Executive Education Opportunities",
journal = "OR/MS Today",
pages = {8-10},
number = "4",
volume = "28",
year = "2001",
author = "W.L. Winston",
publisher = "Lionheart Publishing"
}

@inproceedings{lammel2009introduction,
  title={An introduction to grammar convergence},
  author={L{\"a}mmel, Ralf and Zaytsev, Vadim},
  booktitle={Integrated formal methods},
  pages={246--260},
  year={2009},
  organization={Springer}
}

@inproceedings{van1997obtaining,
  title={Obtaining a COBOL grammar from legacy code for reengineering purposes},
  author={Van Den Brand, MGJ and Sellink, MPA and Verhoef, Chris},
  booktitle={Proceedings of the 2nd International Workshop on the Theory and Practice of Algebraic Specifications, electronic Workshops in Computing. Springer verlag},
  year={1997}
}

@incollection{fischer2012comparison,
  title={Comparison of context-free grammars based on parsing generated test data},
  author={Fischer, Bernd and L{\"a}mmel, Ralf and Zaytsev, Vadim},
  booktitle={Software Language Engineering},
  pages={324--343},
  year={2012},
  publisher={Springer}
}

@phdthesis{zaytsev2010recovery,
  title={Recovery, Convergence and Documentation of Languages},
  author={Zaytsev, Vadim Valerievich},
  year={2010},
  school={Vrije Universiteit}
}

@INPROCEEDINGS{srcML, 
author={Collard, M.L. and Kagdi, H.H. and Maletic, J.I.}, 
booktitle={Program Comprehension, 2003. 11th IEEE International Workshop on}, 
title={An XML-based lightweight C++ fact extractor}, 
year={2003}, 
month={May}, 
pages={134-143}, 
ISSN={1092-8138}
}